%Utilice el generador: https://truben.no/latex/bibtex/

@TECHREPORT {atmega328P,
    author      = "Atmel",
    title       = "ATmega328/P DATASHEET COMPLETE",
    institution = "Atmel",
    year        = "2016",
    type        = "Datasheet",
    number      = "06",
    address     = "1600 Technology Drive, San Jose, CA 95110 USA",
    month       = "jun"
}


@MISC {ppt,
    author       = "MSc. Marco Villalta Fallas",
    title        = "Arduino UNO: PID, GPIO, ADC y comunicacione",
    howpublished = "IE-0624 Laboratorio de Microcontroladores",
    month        = "aug",
    year         = "2022"
}


@ONLINE {arduino,
    author = "Arduino",
    title  = "Arduino Uno Rev3 Arduino Uno Rev3 Arduino Uno Rev3 Arduino Uno Rev3 Arduino Uno Rev3",
    month  = "may",
    year   = "2022",
    url    = "https://store.arduino.cc/products/arduino-uno-rev3",
    note   = "Visitado en Octubre 9 de 2022"
}