%Utilice el generador: https://truben.no/latex/bibtex/
