%Utilice el generador: https://truben.no/latex/bibtex/

@ONLINE {arduino,
    author = "Arduino",
    title  = "Language Reference",
    year   = "2022",
    url    = "https://www.arduino.cc/reference/en/",
    note   = "Visitado en noviembre 29 de 2022"
}


@TECHREPORT {mcu,
    author      = "NORDIC Semiconductor",
    title       = "nRF52840",
    institution = "Nordic Semiconductor ASA",
    year        = "2019",
    type        = "Datasheet",
    number      = "4413_417 v1.1",
    month       = "feb"
}

@TECHREPORT {placa,
    author      = "Arduino",
    title       = "ArduinoÂ® Nano 33 BLE Sense",
    institution = "Arduino",
    year        = "2022",
    type        = "Product Reference Manual",
    number      = "SKU: ABX00031",
    month       = "nov"
}

@TECHREPORT {acele,
    author      = "life.augmented - STMicroelectronics",
    title       = "LSM9DS1",
    institution = "life.augmented - STMicroelectronics",
    year        = "2015",
    type        = "Datasheet",
    number      = "DocID025715 Rev 3",
    month       = "nov"
}


@ONLINE {AI,
    author = "B.J. Copeland",
    title  = "artificial intelligence",
    month  = "nov",
    year   = "2011",
    url    = "https://www.britannica.com/technology/artificial-intelligence",
    note   = "Visitado en noviembre 29 de 2022"
}

@ONLINE {ANN,
    author = "AWS",
    title  = "What Is A Neural Network?",
    month  = "nov",
    year   = "2022",
    url    = "https://aws.amazon.com/what-is/neural-network/",
    note   = "Visitado en noviembre 29 de 2022"
}