%Utilice el generador: https://truben.no/latex/bibtex/
@article{porter2008cinco,
  title={Las cinco fuerzas competitivas que le dan forma a la estrategia},
  author={Porter, Michael},
  journal={Harvard Business Review},
  volume={86},
  number={1},
  pages={58--77},
  year={2008}
}

@TECHREPORT {datasheet,
    author      = "ATMEL",
    title       = "8-bit Microcontroller with 2/4K Bytes In-System Programmable Flash",
    institution = "Atmel Corporation",
    year        = "2011",
    type        = "Datashet",
    number      = "8246B–AVR–09/11",
    address     = "2325 Orchard Parkway San Jose, CA 95131 USA"
}


@UNPUBLISHED {presentacion,
    author = "MSc. Marco Villalta Fallas",
    title  = "GPIO, interrupciones, timers y el ATtiny4313",
    note   = "Notas de clase IE-0624 Laboratorio de Microcontroladores Escuela de Ingeniería Eléctrica",
    month  = "aug",
    year   = "2022"
}